%% LaTeX2e file `MyPublications.bib'
%% generated by the `filecontents' environment
%% from source `FinalThesis' on 2021/05/05.
%%
@article{J1,
  title={Energy-efficient Localization of Sensor Nodes in {WSNs} using Beacons from Rotating Directional Antenna},
  author={\textbf{P. R. {Gautam}} and Kumar, Sunil and Verma, Akshay and Rashid, Tarique and Kumar, Arvind},
  journal={IEEE Transactions on Industrial Informatics},
  volume={15},
  number={11},
  pages={5827--5836},
  year={2019},
  publisher={IEEE},
  doi = {10.1109/TII.2019.2908437},
  if={9.112},
  ids={prateek},
keyword={myPublications}
}

@article{J2,
  author = {\textbf{P. R. {Gautam}} and Kumar, Sunil and Verma, Akshay and Kumar, Arvind},
  doi = {10.1049/iet-com.2019.1298},
  issn = {17518628},
  journal = {IET Communications},
  number = {9},
  pages = {1459--1466},
  title = {Energy-efficient Localization of Sensor Nodes in {WSNs} using Single Beacon Node},
  volume = {14},
  year = {2020},
  if={2.1},
  keyword={myPublications}
}

@article{J3,
  author = {\textbf{P. R. {Gautam}} and Kumar, Sunil and Verma, Akshay and Kumar, Arvind},
  doi = {Under Review},
  journal = {IEEE Wireless Communications},
  publisher = {IEEE},
  title = {Energy-Efficient Three Dimensional Localization in {WSNs} using Directional Beacons from Single Anchor Node},
  year={2021},
  if={Under Review},
  keyword={myPublications}
}

@article{J4,
  author = {\textbf{P. R. {Gautam}} and Kumar, Sunil and Verma, Akshay and Kumar, Arvind},
  doi = {Under Review},
  journal = {IEEE Sensor Journal},
  publisher = {IEEE},
  title = {Industrial Inventory Monitoring with {3D} Localization of Sensors in Wireless Sensor Nodes},
  year={2021},
  if={Under Review},
  keyword={myPublications}
}

@article{J5,
  author = {\textbf{P. R. {Gautam}} and Kumar, Sunil and Verma, Akshay and Kumar, Arvind},
  doi = {Under Review},
  journal = {IEEE Antenna and Wireless Propagation Letter},
  publisher = {IEEE},
  title = {Directional Antenna Design for Experimentation in Internet of Things and Wireless Sensor Networks},
  year={2021},
  if={Under Review},
  keyword={myPublications}
}




@article{J6,
  author = {\textbf{P. R. {Gautam}} and Kumar, Sunil and Verma, Akshay and Kumar, Arvind},
  doi = {Under Review},
  journal = {IEEE Transactions on Industrial Informatics},
  publisher = {IEEE},
  title = {Angle of Arrival Localization in WSNs without Array Antenna at the Target Node},
  year={2021},
  if={Under Review},
  keyword={myPublications}
}


@article{J7,
  author = {\textbf{P. R. {Gautam}} and Kumar, Sunil and Verma, Akshay and Kumar, Arvind},
  doi = {Under Review},
  journal = {IEEE Transaction on Aerospace and Electronic Systems},
  publisher = {IEEE},
  title = {Angle of Arrival Localization in WSNs without Array Antenna at the Target},
  year={2021},
  if={Under Review},
  keyword={myPublications}
}


@inproceedings{C1,
  author = {\textbf{P. R. {Gautam}} and Kumar, Sunil and Verma, Akshay and Kumar, Arvind},
  booktitle = {2019 International Conference on Electrical, Electronics and Computer Engineering (UPCON)},
  doi = {10.1109/UPCON47278.2019.8980262},
  isbn = {978-1-7281-3455-0},
  month = {nov},
  pages = {1--4},
  publisher = {IEEE},
  title = {{Localization of Sensor Nodes in {WSNs} using Three Dimensional Angle of Arrival detection at BS}},
  year = {2019},
  keyword={myPublications}
}


@incollection{C2,
  title={Localization of Sensor Nodes in {WSN} Using Area Between a Node and Two Beacons},
  author={\textbf{P. R. {Gautam}} and Kumar, Sunil and Verma, Akshay and Rashid, Tarique and Kumar, Arvind},
  booktitle={Advances in VLSI, Communication, and Signal Processing},
  pages={221--228},
  year={2020},
  publisher={Springer},
  doi={10.1007/978-981-32-9775-3\_22},
  series={Lecture Notes in Electrical Engineering},
  keyword={myPublications}
}


@incollection{C3,
  title={Sensor Localization in {WSNs} Using Rotating Directional {-} Antenna at the Base Station},
  author={\textbf{P. R. {Gautam}} and Kumar, Sunil and Kumar, Arvind},
  booktitle={Advances in VLSI, Communication, and Signal Processing},
  pages={705--718},
  year={2021},
  publisher={Springer},
  doi={10.1007/978-981-15-6840-4\_58},
  series={Lecture Notes in Electrical Engineering},
  volume={683},
  collection={Lecture Notes in Electrical Engineering},
  keyword={myPublications}
}



